@incollection {MitchellLoopGroup,
    AUTHOR = {Mitchell, S. A.},
     TITLE = {The {B}ott filtration of a loop group},
 BOOKTITLE = {Algebraic topology, {B}arcelona, 1986},
    SERIES = {Lecture Notes in Math.},
    VOLUME = {1298},
     PAGES = {215--226},
 PUBLISHER = {Springer, Berlin},
      YEAR = {1987},
   MRCLASS = {32M10 (14M15 22E65 55P35)},
  MRNUMBER = {928835},
MRREVIEWER = {Martin A. Guest},
       DOI = {10.1007/BFb0083012},
       URL = {http://dx.doi.org/10.1007/BFb0083012},
}

@article {MitchellSU(n),
    AUTHOR = {Mitchell, Stephen A.},
     TITLE = {A filtration of the loops on {${\rm SU}(n)$} by {S}chubert
              varieties},
   JOURNAL = {Math. Z.},
  FJOURNAL = {Mathematische Zeitschrift},
    VOLUME = {193},
      YEAR = {1986},
    NUMBER = {3},
     PAGES = {347--362},
      ISSN = {0025-5874},
   MRCLASS = {32M10 (14M15 22E65 55P35)},
  MRNUMBER = {862881},
MRREVIEWER = {Andrew Pressley},
       DOI = {10.1007/BF01229802},
       URL = {http://dx.doi.org/10.1007/BF01229802},
}

@article {Arone,
    AUTHOR = {Arone, Greg},
     TITLE = {The {M}itchell-{R}ichter filtration of loops on {S}tiefel
              manifolds stably splits},
   JOURNAL = {Proc. Amer. Math. Soc.},
  FJOURNAL = {Proceedings of the American Mathematical Society},
    VOLUME = {129},
      YEAR = {2001},
    NUMBER = {4},
     PAGES = {1207--1211},
      ISSN = {0002-9939},
   MRCLASS = {55P35 (55P43 55P65)},
  MRNUMBER = {1814154},
MRREVIEWER = {P. S. Green},
       DOI = {10.1090/S0002-9939-00-05794-4},
       URL = {http://dx.doi.org/10.1090/S0002-9939-00-05794-4},
}



@article {ChadwickMandell,
    AUTHOR = {Chadwick, Steven Greg and Mandell, Michael A.},
     TITLE = {{$E_n$} genera},
   JOURNAL = {Geom. Topol.},
  FJOURNAL = {Geometry \& Topology},
    VOLUME = {19},
      YEAR = {2015},
    NUMBER = {6},
     PAGES = {3193--3232},
      ISSN = {1465-3060},
   MRCLASS = {55P43 (55N22)},
  MRNUMBER = {3447102},
MRREVIEWER = {Geoffrey M. L. Powell},
       DOI = {10.2140/gt.2015.19.3193},
       URL = {http://dx.doi.org/10.2140/gt.2015.19.3193},
}

@article {HA,
	AUTHOR = {Lurie, Jacob},
     	TITLE = {Higher Algebra},
	JOURNAL = {\newline {A}vailable at http://www.math.harvard.edu/~lurie/},
	YEAR = {2017},
}

@article {LurieRot,
	AUTHOR = {Lurie, Jacob},
     	TITLE = {Rotation Invariance in Algebraic $K$-theory},
	JOURNAL = {\newline {A}vailable at http://www.math.harvard.edu/~lurie/},
	YEAR = {2015},
}

@incollection {MahowaldRichter,
    AUTHOR = {Mahowald, Mark and Richter, William},
     TITLE = {{$\Omega{\rm SU}(n)$} does not split in 2 suspensions, for
              {$n\geq 3$}},
 BOOKTITLE = {Algebraic topology ({O}axtepec, 1991)},
    SERIES = {Contemp. Math.},
    VOLUME = {146},
     PAGES = {225--235},
 PUBLISHER = {Amer. Math. Soc., Providence, RI},
      YEAR = {1993},
   MRCLASS = {55P35 (55P40)},
  MRNUMBER = {1224917},
MRREVIEWER = {Haynes R. Miller},
       DOI = {10.1090/conm/146/01225},
       URL = {http://dx.doi.org/10.1090/conm/146/01225},
}

@article {GepnerSnaith,
    AUTHOR = {Gepner, David and Snaith, Victor},
     TITLE = {On the motivic spectra representing algebraic cobordism and
              algebraic {$K$}-theory},
   JOURNAL = {Doc. Math.},
  FJOURNAL = {Documenta Mathematica},
    VOLUME = {14},
      YEAR = {2009},
     PAGES = {359--396},
      ISSN = {1431-0635},
   MRCLASS = {55N15 (14F42 55N22)},
  MRNUMBER = {2540697},
MRREVIEWER = {Keith Peter Johnson},
}

@article {SnaithNotMultiplicative,
    AUTHOR = {Snaith, Victor},
     TITLE = {The total {C}hern and {S}tiefel-{W}hitney classes are not
              infinite loop maps},
   JOURNAL = {Illinois J. Math.},
  FJOURNAL = {Illinois Journal of Mathematics},
    VOLUME = {21},
      YEAR = {1977},
    NUMBER = {2},
     PAGES = {300--304},
      ISSN = {0019-2082},
   MRCLASS = {55D35 (57D20)},
  MRNUMBER = {0433446},
MRREVIEWER = {Stewart B. Priddy},
       URL = {http://projecteuclid.org/euclid.ijm/1256049415},
}

@article {SnaithOriginal,
    AUTHOR = {Snaith, Victor},
     TITLE = {Localized stable homotopy of some classifying spaces},
   JOURNAL = {Math. Proc. Camb. Phil. Soc.},
  FJOURNAL = {Mathematical Proceedings of the Cambridge Philosophical Society},
    VOLUME = {89},
      YEAR = {1981},
    NUMBER = {2},
     PAGES = {325--330},
   MRCLASS = {55P42 (55N15)},
  MRNUMBER = {0600247},
MRREVIEWER = {J. P. May},
       URL = {https://www.cambridge.org/core/services/aop-cambridge-core/content/view/S0305004100058205},
}

		